@misc{tikz,
  author = {Till Tantau},
  title = {The TikZ and PGF Packages},
  note = {\url{https://github.com/pgf-tikz/pgf}, accessed on 2022-01-13},
  version = {3.1.9a},
  date = {2021-05-15}
}

@misc{inkscape,
  author = {{Inkscape Project}},
  title = {Inkscape},
  note = {\url{https://inkscape.org}, accessed on 2022-01-13},
  version = {0.92.5}, 
  date = {2020-04-16}
}

@misc{overleaf,
  author = {{Overleaf c/o Digital Science}},
  title = {Overleaf},
  note = {\url{https://www.overleaf.com/project}, accessed on 2022-01-13}
}

@misc{multirow,
  author = {Pieter van Oostrum},
  title = {Multirow Package},
  note = {\url{https://github.com/pietvo/multirow}, accessed on 2022-01-13},
  version = {2.8},
  date = {2021-03-15}
}

@misc{bibtex,
  author = {Oren Patashnik},
  title = {Multirow Package},
  note = {\url{https://tug.org/bibtex/}, accessed on 2022-01-13},
  version = {0.99d},
  date = {2021-06-30}
}

@misc{algorithm2e,
  author = {Christophe Fiorio},
  title = {algorithm2e Package},
  note = {\url{https://ctan.space-pro.be/tex-archive/macros/latex/contrib/algorithm2e/doc/algorithm2e.pdf}, accessed on 2022-01-17},
  version = {5.3},
  date = {2017-07-18}
}